{
  "exchange": "hitbtc",
  "type": "new_orders",
  "data": [
    {
      "order_id": "n0r1cx8zkw73kibgtv0sif7qdlbwwn6d",
      "market": "ETH_BTC",
      "side": "buy",
      "rate": 0.26118379994969676,
      "quantity": 0.0,
      "time": "1518909843"
    },
    {
      "order_id": "3bc42qxl556yc5eqvuxmnnpj8c3fncw0",
      "market": "ETH_BTC",
      "side": "sell",
      "rate": 0.26518379994969676,
      "quantity": 0.0,
      "time": "1518909843"
    },
    {
      "order_id": "xq5sv4bipplbu9r947avo7ue0mjky69d",
      "market": "LTC_BTC",
      "side": "buy",
      "rate": 0.02090706086105444,
      "quantity": 0.0,
      "time": "1518909843"
    },
    {
      "order_id": "gwnm8gotcnejay85dj8anlplgvki0wtv",
      "market": "LTC_BTC",
      "side": "sell",
      "rate": 0.024907060861054445,
      "quantity": 0.0,
      "time": "1518909843"
    },
    {
      "order_id": "wn2ixk3rzzn8sa04bcgperxp6jcas7x0",
      "market": "ETC_BTC",
      "side": "buy",
      "rate": 0.16418861037401722,
      "quantity": 0.0,
      "time": "1518909843"
    },
    {
      "order_id": "u2h91llp1ox632air1cede69m40tlt5x",
      "market": "ETC_BTC",
      "side": "sell",
      "rate": 0.16818861037401722,
      "quantity": 0.0,
      "time": "1518909843"
    }
  ],
  "nonce": "0378788913"
}

{
  "exchange": "hitbtc",
  "type": "balance",
  "data": {
    "BTC": {
      "available": 30.069275517475365,
      "reserved": 2.154824489623275
    },
    "ETH": {
      "available": 0.0,
      "reserved": 59.442143439669834
    },
    "LTC": {
      "available": 67.1175170199363,
      "reserved": 23.5166473298143
    },
    "ETC": {
      "available": 20.137560856647816,
      "reserved": 44.17418418840489
    }
  },
  "nonce": "0592677164"
}

{
  "exchange": "hitbtc",
  "type": "active_orders",
  "data": [
    {
      "order_id": "3bc42qxl556yc5eqvuxmnnpj8c3fncw0",
      "market": "ETH_BTC",
      "side": "sell",
      "rate": 0.26518379994969676,
      "quantity": 0.0,
      "time": "1518909843"
    },
    {
      "order_id": "xq5sv4bipplbu9r947avo7ue0mjky69d",
      "market": "LTC_BTC",
      "side": "buy",
      "rate": 0.02090706086105444,
      "quantity": 0.0,
      "time": "1518909843"
    },
    {
      "order_id": "gwnm8gotcnejay85dj8anlplgvki0wtv",
      "market": "LTC_BTC",
      "side": "sell",
      "rate": 0.024907060861054445,
      "quantity": 0.0,
      "time": "1518909843"
    }
  ],
  "nonce": "9641993258"
}

{
  "exchange": "hitbtc",
  "type": "status",
  "data": {
    "strategy": "Basic",
    "markets": {
      "ETH_BTC": true,
      "LTC_BTC": true,
      "ETC_BTC": true
    }
  },
  "nonce": "5141278146"
}

{
  "exchange": "hitbtc",
  "type": "orderbooks",
  "data": {
    "ETH_BTC": {
      "asks": [
        {
          "rate": 0.26320792380198993,
          "quantity": 0.4050107842239682
        },
        {
          "rate": 0.2635322596371893,
          "quantity": 31.723251390896436
        },
        {
          "rate": 0.2641486811724245,
          "quantity": 32.75453012768736
        },
        {
          "rate": 0.2644319958322734,
          "quantity": 69.70687455770577
        },
        {
          "rate": 0.26684720228359476,
          "quantity": 72.26895328767134
        }
      ],
      "bids": [
        {
          "rate": 0.2615801644104917,
          "quantity": 13.82425044358484
        },
        {
          "rate": 0.2610815234226643,
          "quantity": 9.05887006678897
        },
        {
          "rate": 0.2601812727654109,
          "quantity": 54.21116534470952
        },
        {
          "rate": 0.25952060916687647,
          "quantity": 46.3425773735608
        },
        {
          "rate": 0.2568959315718676,
          "quantity": 40.396642047759656
        }
      ]
    },
    "LTC_BTC": {
      "asks": [
        {
          "rate": 0.023007482475955028,
          "quantity": 34.70911298743263
        },
        {
          "rate": 0.023214143481009995,
          "quantity": 99.92596146258406
        },
        {
          "rate": 0.023313811987690315,
          "quantity": 12.644045225362516
        },
        {
          "rate": 0.023512893655932534,
          "quantity": 81.23299912499873
        },
        {
          "rate": 0.02373002373109317,
          "quantity": 63.868476338383246
        }
      ],
      "bids": [
        {
          "rate": 0.0228095081468666,
          "quantity": 53.582794545118915
        },
        {
          "rate": 0.02271339101622987,
          "quantity": 65.19889189802807
        },
        {
          "rate": 0.02270319457314663,
          "quantity": 72.38984600784403
        },
        {
          "rate": 0.022617719776351602,
          "quantity": 15.352518154116702
        },
        {
          "rate": 0.022410869581086068,
          "quantity": 20.247227741332026
        }
      ]
    },
    "ETC_BTC": {
      "asks": [
        {
          "rate": 0.1659712243050994,
          "quantity": 11.86374602285794
        },
        {
          "rate": 0.16748300678502698,
          "quantity": 37.93961009604549
        },
        {
          "rate": 0.16760549278008055,
          "quantity": 55.281833591435316
        },
        {
          "rate": 0.16776690945355097,
          "quantity": 50.418000283326364
        },
        {
          "rate": 0.1679708035483116,
          "quantity": 41.001887044229015
        }
      ],
      "bids": [
        {
          "rate": 0.16561424348923034,
          "quantity": 30.361208052446308
        },
        {
          "rate": 0.1646789651733366,
          "quantity": 85.97146811085396
        },
        {
          "rate": 0.16368331194734667,
          "quantity": 81.32498331046139
        },
        {
          "rate": 0.16244057802627568,
          "quantity": 35.32649958701265
        },
        {
          "rate": 0.1622130364547114,
          "quantity": 38.99029897664222
        }
      ]
    }
  },
  "nonce": "2930585346"
}

{
  "exchange": "hitbtc",
  "type": "trades",
  "data": {
    "ETH_BTC": [
      {
        "trade_id": "9535486",
        "order_id": "n0r1cx8zkw73kibgtv0sif7qdlbwwn6d",
        "market": "ETH_BTC",
        "side": "buy",
        "rate": 0.26118379994969676,
        "quantity": 0.001,
        "time": "1518909843"
      }
    ],
    "LTC_BTC": [],
    "ETC_BTC": [
      {
        "trade_id": "9535486",
        "order_id": "u2h91llp1ox632air1cede69m40tlt5x",
        "market": "ETC_BTC",
        "side": "sell",
        "rate": 0.16818861037401722,
        "quantity": 0.001,
        "time": "1518909843"
      },
      {
        "trade_id": "9535486",
        "order_id": "wn2ixk3rzzn8sa04bcgperxp6jcas7x0",
        "market": "ETC_BTC",
        "side": "buy",
        "rate": 0.16418861037401722,
        "quantity": 0.001,
        "time": "1518909843"
      }
    ]
  },
  "nonce": "1889871218"
}